<?xml version="1.0" encoding="utf-8"?>
<record xmlns="http://www.loc.gov/MARC21/slim" xmlns:xsi="http://www.w3.org/2001/XMLSchema-instance" xsi:schemaLocation="http://www.loc.gov/MARC21/slim http://www.loc.gov/standards/marcxml/schema/MARC21slim.xsd">
	<leader>     nam a22        4500</leader>
	<controlfield tag="001">b12738608</controlfield>
	<controlfield tag="003">LeBAU</controlfield>
	<controlfield tag="006">m        d        </controlfield>
	<controlfield tag="007">cr cn |||m|||a</controlfield>
	<controlfield tag="008">171025s1911    ti      o     ||0 0 ara d</controlfield>
	<datafield ind1=" " ind2=" " tag="040">
		<subfield code="a">NNU</subfield>
		<subfield code="b">ara</subfield>
		<subfield code="e">rda</subfield>
		<subfield code="c">NNU</subfield>
	</datafield>
	<datafield ind1=" " ind2="4" tag="050">
		<subfield code="a">DT329.M3</subfield>
		<subfield code="b">I36 1911</subfield>
	</datafield>
	<datafield ind1="0" ind2="4" tag="082">
		<subfield code="a">964.02</subfield>
		<subfield code="2">22</subfield>
	</datafield>
	<datafield ind1="0" ind2=" " tag="100">
		<subfield code="6">880-01</subfield>
		<subfield code="a">Ibn al-Khaṭīb,</subfield>
		<subfield code="d">1313-1374,</subfield>
		<subfield code="e">author.</subfield>
	</datafield>
	<datafield ind1="1" ind2="0" tag="245">
		<subfield code="6">880-02</subfield>
		<subfield code="a">Kitāb al-Ḥulal al-mawshīyah fī dhikr al-akhbār al-Marrākushīyah /</subfield>
		<subfield code="c">ta’līf dhī al-wizāratayn Muḥammad Lisān al-Din ibn al-Khaṭib ; ʻuniya bi-taṣḥīḥih... al-Sayyid al-Bashīr al-Fūrtī.</subfield>
	</datafield>
	<datafield ind1="3" ind2="0" tag="246">
		<subfield code="6">880-03</subfield>
		<subfield code="a">Ḥulal al-mawshīyah fī dhikr al-akhbār al-Marrākushīyah</subfield>
	</datafield>
	<datafield ind1=" " ind2=" " tag="250">
		<subfield code="6">880-04</subfield>
		<subfield code="a">al-Ṭab‘ah al-ūlá.</subfield>
	</datafield>
	<datafield ind1=" " ind2="1" tag="264">
		<subfield code="6">880-05</subfield>
		<subfield code="a">Tūnis :</subfield>
		<subfield code="b">Maṭbaʻat al-Taqaddūm al-Islāmīyah,</subfield>
		<subfield code="c">1329 H., [1911? M.]</subfield>
	</datafield>
	<datafield ind1=" " ind2=" " tag="300">
		<subfield code="6">880-06</subfield>
		<subfield code="a">online resource (18, 144 pages)</subfield>
	</datafield>
	<datafield ind1=" " ind2=" " tag="336">
		<subfield code="a">text</subfield>
		<subfield code="2">rdacontent</subfield>
	</datafield>
	<datafield ind1=" " ind2=" " tag="337">
		<subfield code="a">computer</subfield>
		<subfield code="2">rdamedia</subfield>
	</datafield>
	<datafield ind1=" " ind2=" " tag="338">
		<subfield code="a">online resource</subfield>
		<subfield code="2">rdacarrier</subfield>
	</datafield>
	<datafield ind1=" " ind2=" " tag="500">
		<subfield code="a">Part of the Arabic Collections Online (ACO) project, contributed by American University of Beirut's Jafet Memorial Library.</subfield>
	</datafield>
	<datafield ind1=" " ind2=" " tag="533">
		<subfield code="a">Electronic reproduction.</subfield>
		<subfield code="b">New York, N.Y. :</subfield>
		<subfield code="c">New York University,</subfield>
		<subfield code="d">2017.</subfield>
		<subfield code="5">NNU</subfield>
	</datafield>
	<datafield ind1=" " ind2="0" tag="651">
		<subfield code="6">880-07</subfield>
		<subfield code="a">Marrakech (Morocco)</subfield>
		<subfield code="x">History</subfield>
		<subfield code="v">Early works to 1800.</subfield>
	</datafield>
	<datafield ind1=" " ind2="0" tag="651">
		<subfield code="6">880-08</subfield>
		<subfield code="a">Morocco</subfield>
		<subfield code="x">History</subfield>
		<subfield code="y">647-1516</subfield>
		<subfield code="v">Early works to 1800.</subfield>
	</datafield>
	<datafield ind1="1" ind2=" " tag="700">
		<subfield code="6">880-09</subfield>
		<subfield code="a">Fūrtī, al-Bashīr,</subfield>
		<subfield code="d">1884-1954,</subfield>
		<subfield code="e">corrector.</subfield>
	</datafield>
	<datafield ind1="2" ind2=" " tag="710">
		<subfield code="a">Jafet Memorial Library.</subfield>
	</datafield>
	<datafield ind1="0" ind2=" " tag="730">
		<subfield code="a">Arabic Collections Online.</subfield>
	</datafield>
	<datafield ind1="0" ind2=" " tag="775">
		<subfield code="6">880-10</subfield>
		<subfield code="t">Kitāb al-Ḥulal al-mawshīyah fī dhikr al-akhbār al-Marrākushīyah</subfield>
		<subfield code="d">al-Rabāṭ : al-Maṭba‘ah al-Iqtiṣādīyah, 1936</subfield>
		<subfield code="w">(OCoLC)784495808</subfield>
		<subfield code="w">(OCoLC)784495808</subfield>
		<subfield code="a">Kitāb al-Ḥulal al-mawshīyah fī dhikr al-akhbār al-Marrākushīyah</subfield>
	</datafield>
	<datafield ind1="0" ind2="8" tag="776">
		<subfield code="i">Print version:</subfield>
		<subfield code="a">Ibn al-Khaṭīb, 1313-1374, author.</subfield>
		<subfield code="t">Kitāb al-Ḥulal al-mawshīyah fī dhikr al-akhbār al-Marrākushīyah</subfield>
		<subfield code="w">(LeBAU)b12738608</subfield>
	</datafield>
	<datafield ind1="4" ind2="0" tag="856">
		<subfield code="u">http://hdl.handle.net/2333.1/c59zw90v</subfield>
	</datafield>
	<datafield ind1="0" ind2=" " tag="880">
		<subfield code="6">100-01/r</subfield>
		<subfield code="a">ابن الخطيب،‪‪‪‪‪‪‪‪‪</subfield>
		<subfield code="d">1313-1374،</subfield>
		<subfield code="e">مؤلف.‪‪‪‪‪‪‪‪‪</subfield>
		<subfield code="4">aut.</subfield>
	</datafield>
	<datafield ind1="1" ind2="0" tag="880">
		<subfield code="6">245-02/r</subfield>
		<subfield code="a">كتاب الحلل الموشية في ذكر الأخبار المراكشية /‪‪‪‪‪‪‪‪‪</subfield>
		<subfield code="c">تأليف ذي الوزارتين محمد لسان الدين بن الخطيب ؛ وعني بتصحيحه... السيد البشير الفورتي.‪‪‪‪‪‪‪‪‪</subfield>
	</datafield>
	<datafield ind1="3" ind2="0" tag="880">
		<subfield code="6">246-03/r</subfield>
		<subfield code="a">حلل الموشية في ذكر الأخبار المراكشية‪‪‪‪‪‪‪‪‪</subfield>
	</datafield>
	<datafield ind1=" " ind2=" " tag="880">
		<subfield code="6">250-04/r</subfield>
		<subfield code="a">الطبعة الأولى.‪‪‪‪‪‪‪‪‪</subfield>
	</datafield>
	<datafield ind1=" " ind2="1" tag="880">
		<subfield code="6">264-05/r</subfield>
		<subfield code="a">تونس :‪‪‪‪‪‪‪‪‪</subfield>
		<subfield code="b">مطبعة التقدم الإسلامية،‪‪‪‪‪‪‪‪‪</subfield>
		<subfield code="c">1329 هـ.، [1911؟ م.]‪‪‪‪‪‪‪‪‪</subfield>
	</datafield>
	<datafield ind1=" " ind2=" " tag="880">
		<subfield code="6">300-06/r</subfield>
		<subfield code="a">18، 144 صفحة ؛‪‪‪‪‪‪‪‪‪</subfield>
		<subfield code="c">21 سم‪‪‪‪‪‪‪‪‪</subfield>
	</datafield>
	<datafield ind1=" " ind2=" " tag="880">
		<subfield code="6">500-00/r</subfield>
		<subfield code="a">&quot;طبع على نفقة الفاضل السيد الحاج عبد الله بن الحسين الكادية الجراري المغربي السوسي والفاضل السيد إبراهيم بن محمد العيسى.&quot;‪‪‪‪‪‪‪‪‪</subfield>
	</datafield>
	<datafield ind1=" " ind2=" " tag="880">
		<subfield code="6">500-00/r</subfield>
		<subfield code="a">&quot;وقد جرى طبع هذا الكتاب عاى نسخة عتيقة جدا بخط بعض الأئمة الأعلام من الأندلسيين.&quot;‪‪‪‪‪‪‪‪‪</subfield>
	</datafield>
	<datafield ind1=" " ind2="4" tag="880">
		<subfield code="6">651-07/r</subfield>
		<subfield code="a">مراكش (المغرب)‪‪‪‪‪‪‪‪‪</subfield>
		<subfield code="x">تاريخ‪‪‪‪‪‪‪‪‪</subfield>
		<subfield code="v">أعمال قديمة حتى 1800.‪‪‪‪‪‪‪‪‪</subfield>
	</datafield>
	<datafield ind1=" " ind2="4" tag="880">
		<subfield code="6">651-08/r</subfield>
		<subfield code="a">المغرب‪‪‪‪‪‪‪‪‪</subfield>
		<subfield code="x">تاريخ‪‪‪‪‪‪‪‪‪</subfield>
		<subfield code="y">647-1516</subfield>
		<subfield code="v">أعمال قديمة حتى 1800.‪‪‪‪‪‪‪‪‪</subfield>
	</datafield>
	<datafield ind1="1" ind2=" " tag="880">
		<subfield code="6">700-09/r</subfield>
		<subfield code="a">الفورتي، البشير،‪‪‪‪‪‪‪‪‪</subfield>
		<subfield code="d">1884-1954،</subfield>
		<subfield code="e">مصحح.‪‪‪‪‪‪‪‪‪</subfield>
		<subfield code="4">crr.</subfield>
	</datafield>
	<datafield ind1="0" ind2=" " tag="880">
		<subfield code="6">775-10/r</subfield>
		<subfield code="t">كتاب الحلل الموشية في ذكر الأخبار المراكشية‪‪‪‪‪‪‪‪‪</subfield>
		<subfield code="d">الرباط : المطبعة الإقتصادية، 1936‪‪‪‪‪‪‪‪‪</subfield>
		<subfield code="w">b1273844x</subfield>
		<subfield code="w">(OCoLC)784495808</subfield>
	</datafield>
	<datafield ind1=" " ind2=" " tag="959">
		<subfield code="a">NNU</subfield>
		<subfield code="b">WEB</subfield>
		<subfield code="c">GENI</subfield>
		<subfield code="t">0</subfield>
		<subfield code="m">Electronic access</subfield>
		<subfield code="s">01</subfield>
	</datafield>
	<datafield ind1=" " ind2=" " tag="999">
		<subfield code="i">LeBAU_b12738608</subfield>
		<subfield code="s">aub_aco001325</subfield>
		<subfield code="e">(ERROR-MISC)</subfield>
		<subfield code="s">aub_aco001325</subfield>
	</datafield>
</record>
